<?xml version="1.0" encoding="UTF-8"?><record xmlns="http://www.loc.gov/MARC21/slim" xmlns:cinclude="http://apache.org/cocoon/include/1.0" xmlns:zs="http://www.loc.gov/zing/srw/">
  <leader>00589cz  a2200145n  4500</leader>
  <controlfield tag="001">n  80134318 </controlfield>
  <controlfield tag="003">DLC</controlfield>
  <controlfield tag="005">20090214080719.0</controlfield>
  <controlfield tag="008">801022n| acannaabn          |a ana      </controlfield>
  <datafield tag="010" ind1=" " ind2=" ">
    <subfield code="a">n  80134318 </subfield>
    <subfield code="z">n  80147279 </subfield>
  </datafield>
  <datafield tag="035" ind1=" " ind2=" ">
    <subfield code="a">(OCoLC)oca00514656</subfield>
  </datafield>
  <datafield tag="040" ind1=" " ind2=" ">
    <subfield code="a">DLC</subfield>
    <subfield code="b">eng</subfield>
    <subfield code="c">DLC</subfield>
    <subfield code="d">OCoLC</subfield>
  </datafield>
  <datafield tag="110" ind1="2" ind2=" ">
    <subfield code="a">Alta California Eye Research Foundation</subfield>
  </datafield>
  <datafield tag="410" ind1="1" ind2=" ">
    <subfield code="a">San Francisco (Calif.).</subfield>
    <subfield code="b">Alta California Eye Research Foundation</subfield>
  </datafield>
  <datafield tag="670" ind1=" " ind2=" ">
    <subfield code="a">Immunologic diseases of the mucous membranes, c1980 (a.e.)</subfield>
    <subfield code="b">CIP galley (Alta California Eye Research Foundation; founded 1-7-69, San Francisco; pres., G. Richard O'Connor)</subfield>
  </datafield>
</record>